@online{vernier_temperature,
  title={Stainless Steel Temperature Probe},
  url={https://www.vernier.com/products/sensors/temperature-sensors/tmp-bta/#section3},
  urldate={2018-11-20},
}

@online{vernier_gas_pressure,
  title={Gas Pressure Sensor},
  url={https://www.vernier.com/products/sensors/pressure-sensors/gps-bta/#section4},
  urldate={2018-11-20},
}
